@book{kunen1980,
    author={Kunen,Kenneth},
    year={1980},
    title={Set theory: an introduction to independence proofs},
    publisher={North-Holland Pub. Co},
    address={New York;Amsterdam;},
    volume={102},
    keywords={Axiomatic set theory},
    isbn={0444854010},
}
@book{fraenkel1973,
    author={Fraenkel,Abraham A. and Bar-Hillel,Yehoshua and Lévy,Azriel},
    year={1973},
    title={Foundations of set theory},
    publisher={Noord-Hollandsche U.M},
    address={Amsterdam},
    volume={67},
    edition={2d rev.},
    keywords={Set theory; Mathematics; Philosophy},
    isbn={9780720422702},
}
@book{moore1982,
    title={Zermelo’s Axiom of Choice},
    subtitle={Its Origins, Development, and Influence},
    author={Moore, G.H.},
    isbn={9781461394808},
    lccn={82010429},
    series={Studies in the History of Mathematics and Physical Sciences},
    volume={8},
    year={1982},
    publisher={Springer New York}
}
@book{kanamori2003,
    author={Kanamori,Akihiro},
    year={2003},
    title={The higher infinite: large cardinals in set theory from their beginnings},
    publisher={Springer},
    address={New York;Berlin;},
    edition={2nd},
    abstract={This softcover reprint of a popular reference provides a comprehensive account of the theory of large cardinals from its beginnings and some of the direct outgrowths leading to the frontiers of contemporary research.},
    keywords={Large cardinals (Mathematics); Axiomatic set theory; Machine theory; Set theory},
    isbn={9783540003847},
    language={English},
}
@article{solovay1970,
    title={A model of set-theory in which every set of reals is Lebesgue measurable},
    author={Solovay, Robert M},
    journal={Annals of Mathematics},
    pages={1--56},
    year={1970},
}
@article{cohen2002,
    title={The discovery of forcing},
    author={Cohen, Paul},
    journal={The Rocky Mountain journal of mathematics},
    volume={32},
    number={4},
    pages={1071--1100},
    year={2002},
}
@book{jech2003,
    author={Jech,Thomas},
    year={2003},
    title={Set theory},
    publisher={Springer},
    address={New York;Berlin;},
    edition={The 3rd millennium, rev. and expand;},
    abstract={Set Theory has experienced a rapid development in recent years, with major advances in forcing, inner models, large cardinals and descriptive set theory. The present book covers each of these areas, giving the reader an understanding of the ideas involved. It can be used for introductory students and is broad and deep enough to bring the reader near the boundaries of current research. Students and researchers in the field will find the book invaluable both as a study material and as a desktop reference.},
    keywords={Set theory; Computer science; Logic, Symbolic and mathematical; Mathematical Logic and Foundations; Mathematical Logic and Formal Languages},
    isbn={9783540447610},
    language={English},
}
@article{myhillscott1971,
    title={Ordinal Definability},
    author={Myhill, John and Scott, Dana},
    journal={Axiomatic Set Theory, Part 1},
    volume={13},
    pages={271--278},
    year={1971},
    publisher={American Mathematical Soc.}
}
@book{jech1973,
    author={Jech,Thomas},
    year={1973},
    title={The axiom of choice},
    publisher={North-Holland Pub. Co},
    address={New York;},
    volume={75;},
    keywords={Axiom of choice},
    isbn={9780080954851;},
    language={English},
}
@book{hausdorff2005,
    title={Hausdorff on ordered sets},
    author={Hausdorff, Felix and Plotkin, Jacob M},
    volume={25},
    year={2005},
    isbn={9780821837887},
    publisher={American Mathematical Soc.}
}
@article{shelah1984,
    author={Shelah, Saharon},
    title={Can you take Solovay's inaccessible away?},
    journal={Israel Journal of Mathematics},
    year={1984},
    month={Dec},
    day={01},
    volume={48},
    number={1},
    pages={1-47},
    issn={1565-8511},
    doi={10.1007/BF02760522},
}
